@article{Ying:2004:JCP,
    author        = {Lexing Ying, George Biros, Denis Zorin},
    title         = {A kernel-independent adaptive fast multipole algorithm in two and three dimensions},
    journaltitle  = {Journal of Computational Physics},
    year          = {2004},
    volume        = {196},
    number        = {2},
    pages         = {591-626},
    doi           = {http://dx.doi.org/10.1016/j.jcp.2003.11.021}
}

@online{exafmm,
    author        = {Rio Yokota, Lorena A. Barba},
    title         = {ExaFMM User's Manual},
    year          = {2011},
    url           = {http://www.bu.edu/exafmm/files/2011/06/ExaFMM-UserManual1.pdf}
}

@book{latexcompanion,
    author        = {Michel Goossens and Frank Mittelbach and Alexander Samarin},
    title         = {The \LaTeX\ Companion},
    year          = {1993},
    publisher     = {Addison-Wesley},
    location      = {Reading, Massachusetts}
}

@phdthesis{Greengard:1987:Yale,
  author      = {Leslie Greengard},
  title       = {The Rapid Evaluation of Potential Fields in Particle Systems},
  school      = {Yale University},
  year        = {1987}
}

@article{Cipra:2000:SN,
  author          = {Barry A. Cipra},
  title           = {The Best of the 20th Century: Editors Name Top 10 Algorithms},
  journal         = {SIAM News},
  volume          = {33},
  number          = {4},
  year            = {2000}
}

@conference{Beatson:1997:SCF,
  author          = {Rick Beatson and Leslie Greengard},
  title           = {A Short Course on Fast Multipole Methods},
  booktitle       = {Wavelets, Multilevel Methods, and Elliptic PDEs},
  publisher       = {Clarendon Press},
  year            = {1997}
}

@book{Griffiths:2017:CUP,
    place={Cambridge},
    edition={4},
    title={Introduction to Electrodynamics},
    DOI={10.1017/9781108333511},
    publisher={Cambridge University Press},
    author={Griffiths, David J.},
    year={2017}
}

@article{Rokhlin:1990:JCP,
       author = {Vladimir Rokhlin},
        title = "{Rapid Solution of Integral Equations of  Theory in Two Dimensions}",
      journal = {Journal of Computational Physics},
         year = 1990,
        month = feb,
       volume = {86},
       number = {2},
        pages = {414-439},
          doi = {10.1016/0021-9991(90)90107-C},
}

@article{Board:1992:CPL,
          author = "John A. Board and Jeffrey W. Causey and James F. Leathrum and Andreas Windemuth and Klaus Schulten",
          title = "Accelerated molecular dynamics simulation with the parallel fast multipole algorithm",
          journal = "Chemical Physics Letters",
          volume = "198",
          number = "1",
          pages = "89 - 94",
          year = 1992,
          issn = "0009-2614",
          doi = "https://doi.org/10.1016/0009-2614(92)90053-P",
          url = "http://www.sciencedirect.com/science/article/pii/000926149290053P",
}

@book{Hwu:2011:MKP,
author = {Wen-Mei W. Hwu},
title = {GPU Computing Gems Emerald Edition},
year = {2011},
isbn = {0123849888},
publisher = {Morgan Kaufmann Publishers Inc.},
address = {San Francisco, CA, USA},
edition = {1st}
}
